<?xml version="1.0" encoding="UTF-8"?><record xmlns="http://www.loc.gov/MARC21/slim" xmlns:cinclude="http://apache.org/cocoon/include/1.0" xmlns:zs="http://www.loc.gov/zing/srw/">
  <leader>00677cz  a2200145n  4500</leader>
  <controlfield tag="001">n  79020151 </controlfield>
  <controlfield tag="003">DLC</controlfield>
  <controlfield tag="005">20090822074830.0</controlfield>
  <controlfield tag="008">790320n| acannaab           |a aaa      </controlfield>
  <datafield tag="010" ind1=" " ind2=" ">
    <subfield code="a">n  79020151 </subfield>
  </datafield>
  <datafield tag="040" ind1=" " ind2=" ">
    <subfield code="a">DLC</subfield>
    <subfield code="c">DLC</subfield>
    <subfield code="d">CU</subfield>
    <subfield code="d">DLC</subfield>
  </datafield>
  <datafield tag="100" ind1="1" ind2="0">
    <subfield code="a">Vi︠a︡tkin, B. A.</subfield>
    <subfield code="q">(Bronislav Aleksandrovich)</subfield>
  </datafield>
  <datafield tag="400" ind1="1" ind2="0">
    <subfield code="w">nna</subfield>
    <subfield code="a">Vi︠a︡tkin, Bronislav Aleksandrovich</subfield>
  </datafield>
  <datafield tag="670" ind1=" " ind2=" ">
    <subfield code="a">His Rolʹ temperamenta ... 1978:</subfield>
    <subfield code="b">t.p. (B. A. Vi︠a︡tkin) colophon (Bronislav Aleksandrovich Vi︠a︡tkin)</subfield>
  </datafield>
  <datafield tag="670" ind1=" " ind2=" ">
    <subfield code="a">Lichnostʹ i tvorcheskai︠a︡ individualʹnostʹ V.S. Merlina, 2008:</subfield>
    <subfield code="b">t.p. (B.A. Vi︠a︡tkin) p. 4 of cover (Vi︠a︡tkin Bronislav Aleksandrovich, doktor psikhologicheskikh nauk, professor)</subfield>
  </datafield>
</record>